% Pokud potrebujeme BibTeXu napovedet, kde je nutne zachovat velka a mala 
% pismena, je potreba pouzit slozene zavorky {}. 
% Vetsinou jde o zkratky a vlastnich jmena, ktera nejsou na zacatku nazvu 
% publikace, pripadne o nazvy maker (viz napr. makro \LaTeX).

@article{Ritschel:2008:ISM,
   author  = {Tobias Ritschel{,} Thorsten Grosch{,} Min H. Kim{,} Hans-Peter Seidel{,} Carsten Dachsbacher{,} Jan Kautz},
   title   = {{Imperfect Shadow Maps for Efficient Computation of Indirect Illumination}},
   journal = {ACM Trans. Graph. (Proc. of SIGGRAPH ASIA)},
   volume  = 27,
   number  = 5,
   year    = {2008}
}

@article{Fast03,
   author  = {Andrey Iones{,} Anton Krupkin{,} Mateu Sbert{,} Sergey Zhukov},
   title   = {{Fast, Realistic Lighting for Video Games}},
   journal = {IEEE Comput. Graph. Appl. 23, 3 (May 2003)},
   pages   = {54--64},
   year    = {2003}
}

@article{Interact12,
   author  = {Oscar Argudo{,} Carlos Andujar{,} Gustavo Patow},
   title   = {{Interactive rendering of urban models with global illumination}},
   journal = {Proceedings of Computer Graphics International},
   year    = {2012}
}

@BOOK{Advanced05,
  title = {{A}dvanced Graphics Programming Using OpenGL},
  year = {2005},
  author = "Tom McReynolds",
  publisher = "Morgan Kaufmann; 1 edition (February 16, 2005)",
  isbn = {9781558606593}
}

@BOOK{Creating13,
  title = {{C}reating Game Art for 3D Engines },
  year = {2013},
  author = "Brad Strong",
  publisher = "Course Technology PTR; 1 edition (February 1, 2013)",
  isbn = {1584505486}
}

@BOOK{OpenGL10,
  title = {{O}penGL SuperBible},
  year = {2010},
  author = "Graham Sellers{,} Richard S. Wright Jr.{,} Nicholas Haemel",
  publisher = "Addison-Wesley Professional; 5 edition (August 2, 2010)",
  isbn = {9780321712615}
}

@BOOK{Ericson04,
  title = {{R}eal Time Collision Detection},
  year = {2004},
  author = "Christer Ericson",
  publisher = "CRC Press",
  isbn = { 9781558607323}
}
@BOOK{Buss03,
  title = {{3}-D Computer Graphics: A Mathematical Introduction with OpenGL},
  year = {2003},
  author = "Samuel R. Buss",
  publisher = "Cambridge University Press",
  isbn = {9780521821032}
}
@BOOK{Hawkins01,
  title = {{O}penGL Game Programing},
  year = {2001},
  author = "Kevin Hawkins{,} Dave Astle",
  publisher = "Cengage Learning",
  isbn = {9780761533306}
}
@BOOK{Modern04,
  title = {{M}oderní počítačová grafika},
  year = {2004},
  author = "Jiří Žára{,} Bedřich Beneš{,} Jiří Sochor{,} Petr Felkel",
  publisher = "Computer Press",
  isbn = {9788025104545}
}
@Misc{Scott02,
  author = "Jim Scott",
  title  = "{P}acking lightmaps",
  year   = 2002,
  howpublished={\url{http://www.blackpawn.com/texts/lightmaps}}
}
@Misc{Kaplinski11,
  author = "Lauris Kaplinski",
  title  = "{R}eflective water with GLSL",
  year   = 2011,
  howpublished={\url{http://khayyam.kaplinski.com/2011/09}}
}
@Misc{Chen99,
  author = "Max Chen{,} Gernot Schaufler{,} Stephen Duck{,} Byong Mok Oh{,} Henrik Wann Jensen{,} Julie Dorsey",
  title  = "{P}rocedural City Modeling and Night City Lighting",
  year   = 1999,
  howpublished={\url{http://groups.csail.mit.edu/graphics/nclighting/}}
}
@Misc{Ambroz12,
  author = "David Ambrož",
  title  = "{S}hadows for real-time graphics",
  year   = 2012,
  howpublished={Přednáška z předmětu Programování grafiky II ČVUT FEL Praha}
}

